@misc{1_berk_2014,
author={Berk, Matt},
title={mpberk/Pedometer},
url={https://github.com/mpberk/Pedometer/},
journal={GitHub},
year={2014}
}